<?xml version="1.0" encoding="UTF-8"?><collection xmlns="http://www.loc.gov/MARC21/slim"><record><leader>00418nam--2200133-i-4500</leader><controlfield tag="001">000019076</controlfield><controlfield tag="002">20161230</controlfield><controlfield tag="005">20161230201033</controlfield><controlfield tag="008">060222s1000------------r-----000-0-eng-d</controlfield><datafield ind1=" " ind2=" " tag="080"><subfield code="a">621.039.54</subfield></datafield><datafield ind1=" " ind2=" " tag="100"><subfield code="a">Ferro, C. Moretti, S., Patimo, C</subfield></datafield><datafield ind1=" " ind2=" " tag="245"><subfield code="a">Metodonon distructtivo per determinazione del rapporto o/u in pastiglie sinterizzate</subfield></datafield><datafield ind1=" " ind2=" " tag="260"><subfield code="a">Roma, Comitato Nazionale Energia Nucleare, 1967. 13 P</subfield></datafield><datafield ind1=" " ind2=" " tag="852"><subfield code="a">17340</subfield></datafield></record></collection>